<record><leader>00000cas a22000007a 4500</leader><controlfield tag="001">191850671</controlfield><controlfield tag="008">080206c200u9999msuwr ne      0   a0eng  </controlfield><datafield ind1=" " ind2=" " tag="010"><subfield code="a">  2008215562</subfield></datafield><datafield ind1=" " ind2=" " tag="040"><subfield code="a">NSD</subfield><subfield code="b">eng</subfield><subfield code="c">NSD</subfield><subfield code="d">NSD</subfield><subfield code="d">OCLCQ</subfield></datafield><datafield ind1=" " ind2=" " tag="012"><subfield code="l">1</subfield><subfield code="m">y</subfield></datafield><datafield ind1="0" ind2=" " tag="022"><subfield code="a">1941-3068</subfield><subfield code="l">1941-3068</subfield><subfield code="y">1537-0232</subfield><subfield code="2">1</subfield></datafield><datafield ind1=" " ind2=" " tag="032"><subfield code="a">991940</subfield><subfield code="b">USPS</subfield></datafield><datafield ind1=" " ind2=" " tag="037"><subfield code="b">Bay Newspapers, Inc., 819 Jackson St., Biloxi, MS 39530</subfield></datafield><datafield ind1=" " ind2=" " tag="042"><subfield code="a">nsdp</subfield><subfield code="a">pcc</subfield></datafield><datafield ind1="1" ind2="0" tag="050"><subfield code="a">ISSN RECORD</subfield></datafield><datafield ind1="1" ind2="0" tag="082"><subfield code="a">070</subfield><subfield code="2">14</subfield></datafield><datafield ind1="0" ind2=" " tag="130"><subfield code="a">Biloxi D'Iberville press (2007)</subfield></datafield><datafield ind1=" " ind2="0" tag="222"><subfield code="a">Biloxi D'Iberville press</subfield><subfield code="b">(2007)</subfield></datafield><datafield ind1="1" ind2="0" tag="245"><subfield code="a">Biloxi D'Iberville press.</subfield></datafield><datafield ind1=" " ind2=" " tag="260"><subfield code="a">Biloxi, MS :</subfield><subfield code="b">Bay Newspapers, Inc.</subfield></datafield><datafield ind1=" " ind2=" " tag="300"><subfield code="a">v.</subfield></datafield><datafield ind1=" " ind2=" " tag="310"><subfield code="a">Weekly</subfield></datafield><datafield ind1=" " ind2=" " tag="588"><subfield code="a">Description based on surrogate of: Vol. 35 (Dec. 27, 2007).</subfield></datafield><datafield ind1=" " ind2=" " tag="752"><subfield code="a">United States</subfield><subfield code="b">Mississippi</subfield><subfield code="c">Harrison</subfield><subfield code="d">Biloxi.</subfield></datafield><datafield ind1="0" ind2="0" tag="780"><subfield code="t">Bay press</subfield><subfield code="x">1537-0232</subfield><subfield code="w">(DLC)  2001215219</subfield><subfield code="w">(OCoLC)47914520</subfield></datafield></record>